<?xml version="1.0" encoding="UTF-8"?><record xmlns="http://www.loc.gov/MARC21/slim" xmlns:cinclude="http://apache.org/cocoon/include/1.0" xmlns:zs="http://www.loc.gov/zing/srw/">
  <leader>00510cz  a2200133n  4500</leader>
  <controlfield tag="001">nb 97054018 </controlfield>
  <controlfield tag="003">DLC</controlfield>
  <controlfield tag="005">20040412111917.0</controlfield>
  <controlfield tag="008">970630n| acannaab|          |n aaa     c</controlfield>
  <datafield tag="010" ind1=" " ind2=" ">
    <subfield code="a">nb 97054018 </subfield>
  </datafield>
  <datafield tag="040" ind1=" " ind2=" ">
    <subfield code="a">Uk</subfield>
    <subfield code="c">Uk</subfield>
    <subfield code="d">UPB</subfield>
    <subfield code="d">DLC</subfield>
  </datafield>
  <datafield tag="100" ind1="1" ind2=" ">
    <subfield code="a">Falkner, Wolfgang</subfield>
  </datafield>
  <datafield tag="670" ind1=" " ind2=" ">
    <subfield code="a">Verstehen, Missverstehen und MissverstaĚndnisse, 1997:</subfield>
    <subfield code="b">t.p. (Wolfgang Falkner)</subfield>
  </datafield>
  <datafield tag="670" ind1=" " ind2=" ">
    <subfield code="a">Words, lexemes, concepts, approaches to the lexicon, c1999:</subfield>
    <subfield code="b">t.p. (Wolfgang Falkner) p. 403 (Research Assistant in English Linguistics Univ. of Munich)</subfield>
  </datafield>
</record>